@ARTICLE{Naghib2019,
       author = {{Naghib}, Elahesadat and {Yoachim}, Peter and {Vanderbei}, Robert J. and {Connolly}, Andrew J. and {Jones}, R. Lynne},
        title = "{A Framework for Telescope Schedulers: With Applications to the Large Synoptic Survey Telescope}",
      journal = {\aj},
     keywords = {telescopes, instrumentation: miscellaneous, surveys, Astrophysics - Instrumentation and Methods for Astrophysics},
         year = 2019,
        month = apr,
       volume = {157},
       number = {4},
          eid = {151},
        pages = {151},
          doi = {10.3847/1538-3881/aafece},
archivePrefix = {arXiv},
       eprint = {1810.04815},
 primaryClass = {astro-ph.IM},
       adsurl = {https://ui.adsabs.harvard.edu/abs/2019AJ....157..151N},
      adsnote = {Provided by the SAO/NASA Astrophysics Data System}
}

@INPROCEEDINGS{Delgado2014,
       author = {{Delgado}, Francisco and {Saha}, Abhijit and {Chandrasekharan}, Srinivasan and {Cook}, Kem and {Petry}, Catherine and {Ridgway}, Stephen},
        title = "{The LSST operations simulator}",
    booktitle = {Modeling, Systems Engineering, and Project Management for Astronomy VI},
         year = 2014,
       editor = {{Angeli}, George Z. and {Dierickx}, Philippe},
       series = {Society of Photo-Optical Instrumentation Engineers (SPIE) Conference Series},
       volume = {9150},
        month = aug,
          eid = {915015},
        pages = {915015},
          doi = {10.1117/12.2056898},
       adsurl = {https://ui.adsabs.harvard.edu/abs/2014SPIE.9150E..15D},
      adsnote = {Provided by the SAO/NASA Astrophysics Data System}
}

@INPROCEEDINGS{Delgado2016SPIE,
       author = {{Delgado}, Francisco and {Reuter}, Michael A.},
        title = "{The LSST Scheduler from design to construction}",
    booktitle = {Observatory Operations: Strategies, Processes, and Systems VI},
         year = 2016,
       editor = {{Peck}, Alison B. and {Seaman}, Robert L. and {Benn}, Chris R.},
       series = {Society of Photo-Optical Instrumentation Engineers (SPIE) Conference Series},
       volume = {9910},
        month = jul,
          eid = {991013},
        pages = {991013},
          doi = {10.1117/12.2233630},
       adsurl = {https://ui.adsabs.harvard.edu/abs/2016SPIE.9910E..13D},
      adsnote = {Provided by the SAO/NASA Astrophysics Data System}
}

@INPROCEEDINGS{Yoachim2016,
       author = {{Yoachim}, Peter and {Coughlin}, Michael and {Angeli}, George Z. and {Claver}, Charles F. and {Connolly}, Andrew J. and {Cook}, Kem and {Daniel}, Scott and {Ivezi{\'c}}, {\v{Z}}eljko and {Jones}, R. Lynne and {Petry}, Catherine and {Reuter}, Michael and {Stubbs}, Christopher and {Xin}, Bo},
        title = "{An optical to IR sky brightness model for the LSST}",
    booktitle = {Observatory Operations: Strategies, Processes, and Systems VI},
         year = 2016,
       editor = {{Peck}, Alison B. and {Seaman}, Robert L. and {Benn}, Chris R.},
       series = {Society of Photo-Optical Instrumentation Engineers (SPIE) Conference Series},
       volume = {9910},
        month = jul,
          eid = {99101A},
        pages = {99101A},
          doi = {10.1117/12.2232947},
       adsurl = {https://ui.adsabs.harvard.edu/abs/2016SPIE.9910E..1AY},
      adsnote = {Provided by the SAO/NASA Astrophysics Data System}
}
@ARTICLE{astropy2013,
       author = {{Astropy Collaboration} and {Robitaille}, Thomas P. and {Tollerud}, Erik J. and {Greenfield}, Perry and {Droettboom}, Michael and {Bray}, Erik and {Aldcroft}, Tom and {Davis}, Matt and {Ginsburg}, Adam and {Price-Whelan}, Adrian M. and {Kerzendorf}, Wolfgang E. and {Conley}, Alexander and {Crighton}, Neil and {Barbary}, Kyle and {Muna}, Demitri and {Ferguson}, Henry and {Grollier}, Fr{\'e}d{\'e}ric and {Parikh}, Madhura M. and {Nair}, Prasanth H. and {Unther}, Hans M. and {Deil}, Christoph and {Woillez}, Julien and {Conseil}, Simon and {Kramer}, Roban and {Turner}, James E.~H. and {Singer}, Leo and {Fox}, Ryan and {Weaver}, Benjamin A. and {Zabalza}, Victor and {Edwards}, Zachary I. and {Azalee Bostroem}, K. and {Burke}, D.~J. and {Casey}, Andrew R. and {Crawford}, Steven M. and {Dencheva}, Nadia and {Ely}, Justin and {Jenness}, Tim and {Labrie}, Kathleen and {Lim}, Pey Lian and {Pierfederici}, Francesco and {Pontzen}, Andrew and {Ptak}, Andy and {Refsdal}, Brian and {Servillat}, Mathieu and {Streicher}, Ole},
        title = "{Astropy: A community Python package for astronomy}",
      journal = {\aap},
     keywords = {methods: data analysis, methods: miscellaneous, virtual observatory tools, Astrophysics - Instrumentation and Methods for Astrophysics},
         year = 2013,
        month = oct,
       volume = {558},
          eid = {A33},
        pages = {A33},
          doi = {10.1051/0004-6361/201322068},
archivePrefix = {arXiv},
       eprint = {1307.6212},
 primaryClass = {astro-ph.IM},
       adsurl = {https://ui.adsabs.harvard.edu/abs/2013A&A...558A..33A},
      adsnote = {Provided by the SAO/NASA Astrophysics Data System}
}


@ARTICLE{astropy2018,
   author = {{The Astropy Collaboration} and {Price-Whelan}, A.~M. and {Sip{\H o}cz}, B.~M. and
	{G{\"u}nther}, H.~M. and {Lim}, P.~L. and {Crawford}, S.~M. and
	{Conseil}, S. and {Shupe}, D.~L. and {Craig}, M.~W. and {Dencheva}, N. and
	{Ginsburg}, A. and {VanderPlas}, J.~T. and {Bradley}, L.~D. and
	{P{\'e}rez-Su{\'a}rez}, D. and {de Val-Borro}, M. and {Paper Contributors}, (. and
	{Aldcroft}, T.~L. and {Cruz}, K.~L. and {Robitaille}, T.~P. and
	{Tollerud}, E.~J. and {Coordination Committee}, (. and {Ardelean}, C. and
	{Babej}, T. and {Bach}, Y.~P. and {Bachetti}, M. and {Bakanov}, A.~V. and
	{Bamford}, S.~P. and {Barentsen}, G. and {Barmby}, P. and {Baumbach}, A. and
	{Berry}, K.~L. and {Biscani}, F. and {Boquien}, M. and {Bostroem}, K.~A. and
	{Bouma}, L.~G. and {Brammer}, G.~B. and {Bray}, E.~M. and {Breytenbach}, H. and
	{Buddelmeijer}, H. and {Burke}, D.~J. and {Calderone}, G. and
	{Cano Rodr{\'{\i}}guez}, J.~L. and {Cara}, M. and {Cardoso}, J.~V.~M. and
	{Cheedella}, S. and {Copin}, Y. and {Corrales}, L. and {Crichton}, D. and
	{D{\rsquo}Avella}, D. and {Deil}, C. and {Depagne}, {\'E}. and
	{Dietrich}, J.~P. and {Donath}, A. and {Droettboom}, M. and
	{Earl}, N. and {Erben}, T. and {Fabbro}, S. and {Ferreira}, L.~A. and
	{Finethy}, T. and {Fox}, R.~T. and {Garrison}, L.~H. and {Gibbons}, S.~L.~J. and
	{Goldstein}, D.~A. and {Gommers}, R. and {Greco}, J.~P. and
	{Greenfield}, P. and {Groener}, A.~M. and {Grollier}, F. and
	{Hagen}, A. and {Hirst}, P. and {Homeier}, D. and {Horton}, A.~J. and
	{Hosseinzadeh}, G. and {Hu}, L. and {Hunkeler}, J.~S. and {Ivezi{\'c}}, {\v Z}. and
	{Jain}, A. and {Jenness}, T. and {Kanarek}, G. and {Kendrew}, S. and
	{Kern}, N.~S. and {Kerzendorf}, W.~E. and {Khvalko}, A. and
	{King}, J. and {Kirkby}, D. and {Kulkarni}, A.~M. and {Kumar}, A. and
	{Lee}, A. and {Lenz}, D. and {Littlefair}, S.~P. and {Ma}, Z. and
	{Macleod}, D.~M. and {Mastropietro}, M. and {McCully}, C. and
	{Montagnac}, S. and {Morris}, B.~M. and {Mueller}, M. and {Mumford}, S.~J. and
	{Muna}, D. and {Murphy}, N.~A. and {Nelson}, S. and {Nguyen}, G.~H. and
	{Ninan}, J.~P. and {N{\"o}the}, M. and {Ogaz}, S. and {Oh}, S. and
	{Parejko}, J.~K. and {Parley}, N. and {Pascual}, S. and {Patil}, R. and
	{Patil}, A.~A. and {Plunkett}, A.~L. and {Prochaska}, J.~X. and
	{Rastogi}, T. and {Reddy Janga}, V. and {Sabater}, J. and {Sakurikar}, P. and
	{Seifert}, M. and {Sherbert}, L.~E. and {Sherwood-Taylor}, H. and
	{Shih}, A.~Y. and {Sick}, J. and {Silbiger}, M.~T. and {Singanamalla}, S. and
	{Singer}, L.~P. and {Sladen}, P.~H. and {Sooley}, K.~A. and
	{Sornarajah}, S. and {Streicher}, O. and {Teuben}, P. and {Thomas}, S.~W. and
	{Tremblay}, G.~R. and {Turner}, J.~E.~H. and {Terr{\'o}n}, V. and
	{van Kerkwijk}, M.~H. and {de la Vega}, A. and {Watkins}, L.~L. and
	{Weaver}, B.~A. and {Whitmore}, J.~B. and {Woillez}, J. and
	{Zabalza}, V. and {Contributors}, (.},
    title = "{The Astropy Project: Building an Open-science Project and Status of the v2.0 Core Package}",
  journal = {\aj},
archivePrefix = "arXiv",
   eprint = {1801.02634},
 primaryClass = "astro-ph.IM",
 keywords = {methods: data analysis, methods: miscellaneous, methods: statistical, reference systems },
     year = 2018,
    month = sep,
   volume = 156,
      eid = {123},
    pages = {123},
      doi = {10.3847/1538-3881/aabc4f},
   adsurl = {https://ui.adsabs.harvard.edu/abs/2018AJ....156..123T},
  adsnote = {Provided by the SAO/NASA Astrophysics Data System}
}

@ARTICLE{Rothchild2019,
       author = {{Rothchild}, Daniel and {Stubbs}, Christopher and {Yoachim}, Peter},
        title = "{ALTSched: Improved Scheduling for Time-domain Science with LSST}",
      journal = {\pasp},
     keywords = {Astrophysics - Instrumentation and Methods for Astrophysics},
         year = 2019,
        month = nov,
       volume = {131},
       number = {1005},
        pages = {115002},
          doi = {10.1088/1538-3873/ab3300},
archivePrefix = {arXiv},
       eprint = {1903.00531},
 primaryClass = {astro-ph.IM},
       adsurl = {https://ui.adsabs.harvard.edu/abs/2019PASP..131k5002R},
      adsnote = {Provided by the SAO/NASA Astrophysics Data System}
}

@article{Zonca2019,
  doi = {10.21105/joss.01298},
  url = {https://doi.org/10.21105/joss.01298},
  year = {2019},
  month = mar,
  publisher = {The Open Journal},
  volume = {4},
  number = {35},
  pages = {1298},
  author = {Andrea Zonca and Leo Singer and Daniel Lenz and Martin Reinecke and Cyrille Rosset and Eric Hivon and Krzysztof Gorski},
  title = {healpy: equal area pixelization and spherical harmonics transforms for data on the sphere in Python},
  journal = {Journal of Open Source Software}
}

@ARTICLE{healpix2005,
   author = {{G{\'o}rski}, K.~M. and {Hivon}, E. and {Banday}, A.~J. and 
	{Wandelt}, B.~D. and {Hansen}, F.~K. and {Reinecke}, M. and 
	{Bartelmann}, M.},
    title = "{HEALPix: A Framework for High-Resolution Discretization and Fast Analysis of Data Distributed on the Sphere}",
  journal = {\apj},
   eprint = {arXiv:astro-ph/0409513},
 keywords = {Cosmology: Cosmic Microwave Background, Cosmology: Observations, Methods: Statistical},
     year = 2005,
    month = apr,
   volume = 622,
    pages = {759-771},
      doi = {10.1086/427976},
   adsurl = {http://adsabs.harvard.edu/abs/2005ApJ...622..759G},
  adsnote = {Provided by the SAO/NASA Astrophysics Data System}
}

@Article{         harris2020array,
 title         = {Array programming with {NumPy}},
 author        = {Charles R. Harris and K. Jarrod Millman and St{\'{e}}fan J.
                 van der Walt and Ralf Gommers and Pauli Virtanen and David
                 Cournapeau and Eric Wieser and Julian Taylor and Sebastian
                 Berg and Nathaniel J. Smith and Robert Kern and Matti Picus
                 and Stephan Hoyer and Marten H. van Kerkwijk and Matthew
                 Brett and Allan Haldane and Jaime Fern{\'{a}}ndez del
                 R{\'{i}}o and Mark Wiebe and Pearu Peterson and Pierre
                 G{\'{e}}rard-Marchant and Kevin Sheppard and Tyler Reddy and
                 Warren Weckesser and Hameer Abbasi and Christoph Gohlke and
                 Travis E. Oliphant},
 year          = {2020},
 month         = sep,
 journal       = {Nature},
 volume        = {585},
 number        = {7825},
 pages         = {357--362},
 doi           = {10.1038/s41586-020-2649-2},
 publisher     = {Springer Science and Business Media {LLC}},
 url           = {https://doi.org/10.1038/s41586-020-2649-2}
}

@Article{Hunter:2007,
  Author    = {Hunter, J. D.},
  Title     = {Matplotlib: A 2D graphics environment},
  Journal   = {Computing in Science \& Engineering},
  Volume    = {9},
  Number    = {3},
  Pages     = {90--95},
  abstract  = {Matplotlib is a 2D graphics package used for Python for
  application development, interactive scripting, and publication-quality
  image generation across user interfaces and operating systems.},
  publisher = {IEEE COMPUTER SOC},
  doi       = {10.1109/MCSE.2007.55},
  year      = 2007
}

@ARTICLE{2020SciPy-NMeth,
  author  = {Virtanen, Pauli and Gommers, Ralf and Oliphant, Travis E. and
            Haberland, Matt and Reddy, Tyler and Cournapeau, David and
            Burovski, Evgeni and Peterson, Pearu and Weckesser, Warren and
            Bright, Jonathan and {van der Walt}, St{\'e}fan J. and
            Brett, Matthew and Wilson, Joshua and Millman, K. Jarrod and
            Mayorov, Nikolay and Nelson, Andrew R. J. and Jones, Eric and
            Kern, Robert and Larson, Eric and Carey, C J and
            Polat, {\.I}lhan and Feng, Yu and Moore, Eric W. and
            {VanderPlas}, Jake and Laxalde, Denis and Perktold, Josef and
            Cimrman, Robert and Henriksen, Ian and Quintero, E. A. and
            Harris, Charles R. and Archibald, Anne M. and
            Ribeiro, Ant{\^o}nio H. and Pedregosa, Fabian and
            {van Mulbregt}, Paul and {SciPy 1.0 Contributors}},
  title   = {{{SciPy} 1.0: Fundamental Algorithms for Scientific
            Computing in Python}},
  journal = {Nature Methods},
  year    = {2020},
  volume  = {17},
  pages   = {261--272},
  adsurl  = {https://rdcu.be/b08Wh},
  doi     = {10.1038/s41592-019-0686-2},
}

@ARTICLE{reback2022,
  author       = {Jeff Reback and
                  jbrockmendel and
                  Wes McKinney and
                  Joris Van den Bossche and
                  Matthew Roeschke and
                  Tom Augspurger and
                  Simon Hawkins and
                  Phillip Cloud and
                  gfyoung and
                  Sinhrks and
                  Patrick Hoefler and
                  Adam Klein and
                  Terji Petersen and
                  Jeff Tratner and
                  Chang She and
                  William Ayd and
                  Shahar Naveh and
                  JHM Darbyshire and
                  Richard Shadrach and
                  Marc Garcia and
                  Jeremy Schendel and
                  Andy Hayden and
                  Daniel Saxton and
                  Marco Edward Gorelli and
                  Fangchen Li and
                  Torsten Wörtwein and
                  Matthew Zeitlin and
                  Vytautas Jancauskas and
                  Ali McMaster and
                  Thomas Li},
  title        = {pandas-dev/pandas: Pandas 1.4.3},
  month        = jun,
  year         = 2022,
  publisher    = {Zenodo},
  version      = {v1.4.3},
  doi          = {10.5281/zenodo.6702671},
  url          = {https://doi.org/10.5281/zenodo.6702671}
}

@article{scikit-learn,
 title={Scikit-learn: Machine Learning in {P}ython},
 author={Pedregosa, F. and Varoquaux, G. and Gramfort, A. and Michel, V.
         and Thirion, B. and Grisel, O. and Blondel, M. and Prettenhofer, P.
         and Weiss, R. and Dubourg, V. and Vanderplas, J. and Passos, A. and
         Cournapeau, D. and Brucher, M. and Perrot, M. and Duchesnay, E.},
 journal={Journal of Machine Learning Research},
 volume={12},
 pages={2825--2830},
 year={2011}
}

@ARTICLE{Granvik2009,
       author = {{Granvik}, M. and {Virtanen}, J. and {Oszkiewicz}, D. and {Muinonen}, K.},
        title = "{OpenOrb: Open-source asteroid orbit computation software including statistical ranging}",
      journal = {\maps},
     keywords = {Asteroid, Kuiper belt, Orbit(s), Transneptunian},
         year = 2009,
        month = jan,
       volume = {44},
       number = {12},
        pages = {1853-1861},
          doi = {10.1111/j.1945-5100.2009.tb01994.x},
       adsurl = {https://ui.adsabs.harvard.edu/abs/2009M&PS...44.1853G},
      adsnote = {Provided by the SAO/NASA Astrophysics Data System}
}
